@inproceedings{haber2011colourvis,
  title={ColourVis: Exploring colour usage in paintings over time},
  author={Haber, Jonathan and Lynch, Sean and Carpendale, Sheelagh},
  booktitle={Proceedings of the International Symposium on Computational Aesthetics in Graphics, Visualization, and Imaging},
  pages={105--112},
  year={2011},
  organization={ACM}
}
@article{bertin1983semiology,
  title={Semiology of graphics: diagrams, networks, maps},
  author={Bertin, Jacques},
  year={1983},
  publisher={University of Wisconsin press}
}
@inproceedings{li2006real,
  title={Real time object tracking using reflectional symmetry and motion},
  author={Li, Wai Ho and Kleeman, Lindsay},
  booktitle={Intelligent Robots and Systems, 2006 IEEE/RSJ International Conference on},
  pages={2798--2803},
  year={2006},
  organization={IEEE}
}
@misc{herman2003adaptive,
  title={Adaptive segmentation of television images},
  author={Herman, Stephen and Bellers, Erwin},
  year={2003},
  publisher={Google Patents},
  note={US Patent App. 10/538,338}
}
@inproceedings{zafarifar2008horizon,
  title={Horizon detection based on sky-color and edge features},
  author={Zafarifar, Bahman and Weda, Hans and others},
  booktitle={Electronic Imaging 2008},
  pages={682220--682220},
  year={2008},
  organization={International Society for Optics and Photonics}
}
@inproceedings{mcgee2005obstacle,
  title={Obstacle detection for small autonomous aircraft using sky segmentation},
  author={McGee, Tim G and Sengupta, Raja and Hedrick, Karl},
  booktitle={Robotics and Automation, 2005. ICRA 2005. Proceedings of the 2005 IEEE International Conference on},
  pages={4679--4684},
  year={2005},
  organization={IEEE}
}
@inproceedings{zafarifar2006blue,
  title={Blue sky detection for picture quality enhancement},
  author={Zafarifar, Bahman and others},
  booktitle={Advanced Concepts for Intelligent Vision Systems},
  pages={522--532},
  year={2006},
  organization={Springer}
}
@article{matas2000robust,
  title={Robust detection of lines using the progressive probabilistic hough transform},
  author={Matas, Jiri and Galambos, Charles and Kittler, Josef},
  journal={Computer Vision and Image Understanding},
  volume={78},
  number={1},
  pages={119--137},
  year={2000},
  publisher={Elsevier}
}
@article{nobrega2013interactive,
  title={Interactive acquisition of spatial information from images for multimedia applications},
  author={N{\'o}brega, Rui Pedro da Silva},
  year={2013},
  publisher={Faculdade de Ci{\^e}ncias e Tecnologia}
}
@article{canny1986computational,
  title={A computational approach to edge detection},
  author={Canny, John},
  journal={Pattern Analysis and Machine Intelligence, IEEE Transactions on},
  number={6},
  pages={679--698},
  year={1986},
  publisher={IEEE}
}
@article{illingworth1988survey,
  title={A survey of the Hough transform},
  author={Illingworth, John and Kittler, Josef},
  journal={Computer vision, graphics, and image processing},
  volume={44},
  number={1},
  pages={87--116},
  year={1988},
  publisher={Elsevier}
}
@inproceedings{rother2004grabcut,
  title={Grabcut: Interactive foreground extraction using iterated graph cuts},
  author={Rother, Carsten and Kolmogorov, Vladimir and Blake, Andrew},
  booktitle={ACM Transactions on Graphics (TOG)},
  volume={23},
  number={3},
  pages={309--314},
  year={2004},
  organization={ACM}
}
@article{kaoautomatic,
  title={Automatic Aesthetic Photo-Rating System},
  author={Kao, Chen-Tai and Wu, Hsin-Fang and Liu, Yen-Ting}
}
@inproceedings{butler2003real,
  title={Real-time adaptive background segmentation},
  author={Butler, Darren and Sridharan, Sridha and Bove Jr, V Michael},
  booktitle={Acoustics, Speech, and Signal Processing, 2003. Proceedings.(ICASSP'03). 2003 IEEE International Conference on},
  volume={3},
  pages={III--349},
  year={2003},
  organization={IEEE}
}
@inproceedings{cheng2011global,
  title={Global contrast based salient region detection},
  author={Cheng, Ming-Ming and Zhang, Guo-Xin and Mitra, Niloy J and Huang, Xiaolei and Hu, Shi-Min},
  booktitle={Computer Vision and Pattern Recognition (CVPR), 2011 IEEE Conference on},
  pages={409--416},
  year={2011},
  organization={IEEE}
}
@inproceedings{yang2004real,
  title={Real-time and accurate segmentation of moving objects in dynamic scene},
  author={Yang, Tao and Li, Stan Z and Pan, Quan and Li, Jing},
  booktitle={Proceedings of the ACM 2nd international workshop on Video surveillance \& sensor networks},
  pages={136--143},
  year={2004},
  organization={ACM}
}
@article{cohen2006color,
  title={Color harmonization},
  author={Cohen-Or, Daniel and Sorkine, Olga and Gal, Ran and Leyvand, Tommer and Xu, Ying-Qing},
  journal={ACM Transactions on Graphics (TOG)},
  volume={25},
  number={3},
  pages={624--630},
  year={2006},
  publisher={ACM}
}
@inproceedings{ke2006design,
  title={The design of high-level features for photo quality assessment},
  author={Ke, Yan and Tang, Xiaoou and Jing, Feng},
  booktitle={Computer Vision and Pattern Recognition, 2006 IEEE Computer Society Conference on},
  volume={1},
  pages={419--426},
  year={2006},
  organization={IEEE}
}
@inproceedings{lo2013intelligent,
  title={Intelligent photographing interface with on-device aesthetic quality assessment},
  author={Lo, Kuo-Yen and Liu, Keng-Hao and Chen, Chu-Song},
  booktitle={Computer Vision-ACCV 2012 Workshops},
  pages={533--544},
  year={2013},
  organization={Springer}
}
@inproceedings{liu2010optimizing,
  title={Optimizing photo composition},
  author={Liu, Ligang and Chen, Renjie and Wolf, Lior and Cohen-Or, Daniel},
  booktitle={Computer Graphics Forum},
  volume={29},
  number={2},
  pages={469--478},
  year={2010},
  organization={Wiley Online Library}
}
@inproceedings{bhattacharya2010framework,
  title={A framework for photo-quality assessment and enhancement based on visual aesthetics},
  author={Bhattacharya, Subhabrata and Sukthankar, Rahul and Shah, Mubarak},
  booktitle={Proceedings of the international conference on Multimedia},
  pages={271--280},
  year={2010},
  organization={ACM}
}
@inproceedings{khan2012evaluating,
  title={Evaluating visual aesthetics in photographic portraiture},
  author={Khan, Shehroz S and Vogel, Daniel},
  booktitle={Proceedings of the Eighth Annual Symposium on Computational Aesthetics in Graphics, Visualization, and Imaging},
  pages={55--62},
  year={2012},
  organization={Eurographics Association}
}
@inproceedings{luo2011content,
  title={Content-based photo quality assessment},
  author={Luo, Wei and Wang, Xiaogang and Tang, Xiaoou},
  booktitle={Computer Vision (ICCV), 2011 IEEE International Conference on},
  pages={2206--2213},
  year={2011},
  organization={IEEE}
}
@incollection{luo2008photo,
  title={Photo and video quality evaluation: Focusing on the subject},
  author={Luo, Yiwen and Tang, Xiaoou},
  booktitle={Computer Vision--ECCV 2008},
  pages={386--399},
  year={2008},
  publisher={Springer}
}
@inproceedings{abdel2006csift,
  title={CSIFT: A SIFT descriptor with color invariant characteristics},
  author={Abdel-Hakim, Alaa E and Farag, Aly A},
  booktitle={Computer Vision and Pattern Recognition, 2006 IEEE Computer Society Conference on},
  volume={2},
  pages={1978--1983},
  year={2006},
  organization={IEEE}
}
@incollection{bay2006surf,
  title={Surf: Speeded up robust features},
  author={Bay, Herbert and Tuytelaars, Tinne and Van Gool, Luc},
  booktitle={Computer Vision--ECCV 2006},
  pages={404--417},
  year={2006},
  publisher={Springer}
}
@inproceedings{bosch2007representing,
  title={Representing shape with a spatial pyramid kernel},
  author={Bosch, Anna and Zisserman, Andrew and Munoz, Xavier},
  booktitle={Proceedings of the 6th ACM international conference on Image and video retrieval},
  pages={401--408},
  year={2007},
  organization={ACM}
}
@article{brewster2012rethinking,
  title={Rethinking camera user interfaces},
  author={Brewster, Stephen and McAdam, Christopher and McDonald, James and Maciver, James},
  journal={Digital Photography VIII},
  volume={8299},
  year={2012}
}
@article{brown2007automatic,
  title={Automatic panoramic image stitching using invariant features},
  author={Brown, Matthew and Lowe, David G},
  journal={International Journal of Computer Vision},
  volume={74},
  number={1},
  pages={59--73},
  year={2007},
  publisher={Springer}
}
@book{cleghorn2004portrait,
  title={Portrait Photography: Secrets of Posing \& Lighting},
  author={Cleghorn, Mark},
  year={2004},
  publisher={Lark Books}
}
@inproceedings{datta2010acquine,
  title={ACQUINE: aesthetic quality inference engine-real-time automatic rating of photo aesthetics},
  author={Datta, Ritendra and Wang, James Z},
  booktitle={Proceedings of the international conference on Multimedia information retrieval},
  pages={421--424},
  year={2010},
  organization={ACM}
}
@incollection{datta2006studying,
  title={Studying aesthetics in photographic images using a computational approach},
  author={Datta, Ritendra and Joshi, Dhiraj and Li, Jia and Wang, James Z},
  booktitle={Computer Vision--ECCV 2006},
  pages={288--301},
  year={2006},
  publisher={Springer}
}
@inproceedings{debevec2008recovering,
  title={Recovering high dynamic range radiance maps from photographs},
  author={Debevec, Paul E and Malik, Jitendra},
  booktitle={ACM SIGGRAPH 2008 classes},
  pages={31},
  year={2008},
  organization={ACM}
}
@inproceedings{hoenig2005defining,
  title={Defining computational aesthetics},
  author={Hoenig, Florian},
  booktitle={Proceedings of the First Eurographics conference on Computational Aesthetics in Graphics, Visualization and Imaging},
  pages={13--18},
  year={2005},
  organization={Eurographics Association}
}
@incollection{howarth2004evaluation,
  title={Evaluation of texture features for content-based image retrieval},
  author={Howarth, Peter and R{\"u}ger, Stefan},
  booktitle={Image and Video Retrieval},
  pages={326--334},
  year={2004},
  publisher={Springer}
}
@inproceedings{labrune2007sketchcam,
  title={Sketchcam: creative photography for children},
  author={Labrune, Jean-Baptiste and Mackay, Wendy},
  booktitle={Proceedings of the 6th international conference on Interaction design and children},
  pages={153--156},
  year={2007},
  organization={ACM}
}
@inproceedings{linder2013pixeltone,
  title={PixelTone: a multimodal interface for image editing},
  author={Linder, Jason and Laput, Gierad and Dontcheva, Mira and Wilensky, Gregg and Chang, Walter and Agarwala, Aseem and Adar, Eytan},
  booktitle={CHI'13 Extended Abstracts on Human Factors in Computing Systems},
  pages={2829--2830},
  year={2013},
  organization={ACM}
}
@book{lemagny1987history,
  title={A History of Photography},
  author={Lemagny, Jean-Claude and Rouill{\'e}, Andr{\'e}},
  volume={11},
  year={1987},
  publisher={Cambridge University Press New York}
}
@inproceedings{lowe1999object,
  title={Object recognition from local scale-invariant features},
  author={Lowe, David G},
  booktitle={Computer vision, 1999. The proceedings of the seventh IEEE international conference on},
  volume={2},
  pages={1150--1157},
  year={1999},
  organization={Ieee}
}
@article{manjunath1996texture,
  title={Texture features for browsing and retrieval of image data},
  author={Manjunath, Bangalore S and Ma, Wei-Ying},
  journal={Pattern Analysis and Machine Intelligence, IEEE Transactions on},
  volume={18},
  number={8},
  pages={837--842},
  year={1996},
  publisher={IEEE}
}
@inproceedings{pulli2009mobile,
  title={Mobile visual computing},
  author={Pulli, Kari and Chen, Wei-Chao and Gelfand, Natasha and Grzeszczuk, Radek and Tico, Marius and Vedantham, Ramakrishna and Wang, Xianglin and Xiong, Yingen},
  booktitle={Ubiquitous Virtual Reality, 2009. ISUVR'09. International Symposium on},
  pages={3--6},
  year={2009},
  organization={IEEE}
}
@incollection{rosten2006machine,
  title={Machine learning for high-speed corner detection},
  author={Rosten, Edward and Drummond, Tom},
  booktitle={Computer Vision--ECCV 2006},
  pages={430--443},
  year={2006},
  publisher={Springer}
}
@book{Santos,
author = {Santos, Joel},
year = {2010},
publisher = {Edi\c{c}\~{o}es Centro Atl\^{a}ntico},
title = {{Fotografia: Luz, Exposi\c{c}\~{a}o, Composi\c{c}\~{a}o, Equipamento}},
}
@book{kamps2012rules,
  title={The Rules of Photography and When to Break Them},
  author={Kamps, Haje Jan},
  year={2012},
  publisher={CRC Press}
}
@book{szeliski2011computer,
  title={Computer vision: algorithms and applications},
  author={Szeliski, Richard},
  year={2011},
  publisher={Springer}
}
@misc{szeliski2012technical,
  title={technical Perspective open Platforms for computational Photography},
  author={Szeliski, Richard},
  year={2012},
  publisher={ASSOC COMPUTING MACHINERY}
}
@inproceedings{szeliski1997creating,
  title={Creating full view panoramic image mosaics and environment maps},
  author={Szeliski, Richard and Shum, Heung-Yeung},
  booktitle={Proceedings of the 24th annual conference on Computer graphics and interactive techniques},
  pages={251--258},
  year={1997},
  organization={ACM Press/Addison-Wesley Publishing Co.}
}
@inproceedings{vavilin2011fast,
  title={Fast HDR image generation from multi-exposed multiple-view LDR images},
  author={Vavilin, A and Jo, K-H},
  booktitle={Visual Information Processing (EUVIP), 2011 3rd European Workshop on},
  pages={105--110},
  year={2011},
  organization={IEEE}
}
@inproceedings{yeh2010personalized,
  title={Personalized photograph ranking and selection system},
  author={Yeh, Che-Hua and Ho, Yuan-Chen and Barsky, Brian A and Ouhyoung, Ming},
  booktitle={Proceedings of the international conference on Multimedia},
  pages={211--220},
  year={2010},
  organization={ACM}
}
@article{adams2010frankencamera,
author = {Adams, Andrew and Talvala, Eino-Ville and Park, Sung Hee and Jacobs, David E. and Ajdin, Boris and Gelfand, Natasha and Dolson, Jennifer and Vaquero, Daniel and Baek, Jongmin and Tico, Marius and Lensch, Hendrik P. A. and Matusik, Wojciech and Pulli, Kari and Horowitz, Mark and Levoy, Marc},
 title = {The Frankencamera: An Experimental Platform for Computational Photography},
 journal = {ACM Trans. Graph.},
 issue_date = {July 2010},
 volume = {29},
 number = {4},
 month = jul,
 year = {2010},
 pages = {29:1--29:12},
 articleno = {29},
 numpages = {12},
 publisher = {ACM}
 }
@inproceedings{van2008comparison,
  title={A comparison of color features for visual concept classification},
  author={van de Sande, Koen EA and Gevers, Theo and Snoek, Cees GM},
  booktitle={Proceedings of the 2008 international conference on Content-based image and video retrieval},
  pages={141--150},
  year={2008},
  organization={ACM}
}


@misc{Photosynth,
author = {Microsoft},
title = {{Microsoft Photosynth}},
url = {http://photosynth.net/},
note = {Accessed: January 2014}
}
@misc{Photoshop,
author = {Adobe},
title = {{Adobe Photoshop Express}},
url = {http://www.adoberevel.com/apps/photoshopexpress},
note = {Accessed: January 2014}
}
@misc{OCV,
author = {Itseez},
title = {{OpenCV}},
url = {http://opencv.org/},
note = {Accessed: January 2014}
}
@misc{FV5,
author = {Vazquez, Flavio Gonzalez},
title = {{Camera FV-5}},
url = {http://www.camerafv5.com},
note = {Accessed: January 2014}
}
@misc{NDK,
author = {Google},
title = {{Android NDK Documentation}},
url = {http://developer.android.com/tools/sdk/ndk/index.html},
note = {Accessed: January 2014}
}
@misc{SDK,
author = {Google},
title = {{Android SDK Documentation}},
url = {http://developer.android.com/sdk/index.html},
note = {Accessed: January 2014}
}


@misc{Bolton2013,
author = {Bolton, Syd},
booktitle = {Bolton, Syd},
title = {{Is your smartphone replacing your camera?}},
url = {http://www.torontosun.com/2013/10/25/is-your-smartphone-replacing-your-camera},
year = {2013},
note = {Accessed: January 2014}
}
@misc{Leonard2013,
author = {Leonard, Heather},
title = {{There Will Soon Be One Smartphone For Every Five People In The World}},
url = {http://www.businessinsider.com/15-billion-smartphones-in-the-world-22013-2},
year = {2013},
note = {Accessed: January 2014}
}
@misc{Sharon,
author = {Sharon, Vaknin},
title = {{Get started with Android 4.4 KitKat's advanced photo editor}},
url = {http://howto.cnet.com/8301-11310_39-57611362-285/get-started-with-android-4.4-kitkats-advanced-photo-editor/},
year = {2013},
note = {Accessed: January 2014}
}
